# Name=Contributed talks
# The upper line is actually meta-data that is outputted to the pdf. 
# please do note change the start of the line "# Name : " but only the name after that. 

@unpublished{astin2020,
  note = {{Cort: The Copula Recursive Tree}},
  author = {},
  year = {2020},
  month = {05},
  title = {\textbf{Actuarial Colloquium Paris 2020}},
  url = {https://www.actuarialcolloquium2020.com/}
}

@unpublished{mascotnum2021,
  note = {Estimation of multivariate generalized gamma convolutions},
  author = {},
  year = {2021},
  month = {04},
  title = {\textbf{MascotNum 2021}},
  url = {https://www.gdr-mascotnum.fr/mascot21.html}
}

@unpublished{nice,
  note = {{(Covid cancelled) Construction of a copula estimator through recursive partitioning of the unit hypercube}},
  author = {},
  year = {2021},
  month = {05},
  title = {\textbf{52èmes Journées de Statistique / SFDS}},
  url = {https://jds2020.sciencesconf.org/}
}

@unpublished{oica2020,
  note = {Dependence structure estimation using Copula Recursive Trees},
  author = {},
  year = {2020},
  month = {04},
  title = {\textbf{Online International Conference In Actuarial Science, Data Science and Finance}},
  url = {https://oica.univ-lyon1.fr/}
}

@unpublished{oleron2021,
  note = {Estimation of multivariate generalized gamma convolutions through Laguerre expansions},
  author = {},
  year = {2021},
  month = {10},
  title = {\textbf{Colloque jeunes probabilistes et statisticiens 2021}},
  url = {https://jps-2021.sciencesconf.org/}
}

@unpublished{quantact2022,
  note = {{(Virtual) Estimation of multivariate generalized gamma convolutions through Laguerre expansions}},
  author = {},
  year = {2022},
  month = {01},
  title = {\textbf{QUANTACT}},
  url = {http://quantact.uqam.ca/}
}

@unpublished{semdoc2020,
  note = { {(Covid cancelled) Copula estimation via machine learning}},
  author = {},
  year = {2020},
  month = {06},
  title = {\textbf{Séminaire des doctorants - Institut camille jordan}},
  url = {http://math.univ-lyon1.fr/spip.php?article92}
}
