#######################################################
######### Manuscrit de thèse.
#######################################################

@phdthesis{these_laverny,
  title    = {Dependence structures and risk aggregations},
  school   = {Université de Lyon},
  author   = {Oskar Laverny},
  year     = {2022},
  keywords    = {thesis},
  note = {\href{https://www.actuarial.science/files/thesis.pdf}{Availiable here}}
}


#######################################################
######### Published articles
#######################################################

@article{laverny2020empirical,
  doi = {10.21105/joss.02653},
  year = {2020},
  publisher = {The Open Journal},
  volume = {5},
  number = {56},
  pages = {2653},
  author = {Oskar Laverny},
  title = {Empirical and non-parametric copula models with the {cort R} package},
  journal = {Journal of Open Source Software},
  keywords = {article}
}

@article{laverny2021dependence,
  title = {Dependence structure estimation using Copula Recursive Trees},
  journal = {Journal of Multivariate Analysis},
  volume = {185},
  pages = {104776},
  year = {2021},
  issn = {0047-259X},
  doi = {10.1016/j.jmva.2021.104776},
  author = {Oskar Laverny and Esterina Masiello and Véronique Maume-Deschamps and Didier Rullière},
  keywords = {article,Bagging, CORT, Density estimation trees, Nonparametric estimation, Patchwork copula, Piecewise linear copula, Quadratic program}
}

@article{laverny2021estimation,
  author = {Oskar Laverny and Esterina Masiello and Véronique Maume-Deschamps and Didier Rullière},
  title = {{Estimation of multivariate generalized gamma convolutions through Laguerre expansions.}},
  volume = {15},
  journal = {Electronic Journal of Statistics},
  number = {2},
  publisher = {Institute of Mathematical Statistics and Bernoulli Society},
  pages = {5158 -- 5202},
  keywords = {estimation, Infinite divisibility, Laguerre’s basis, Multivariate generalized gamma convolutions, Thorin’s measure,article},
  year = {2021},
  doi = {10.1214/21-EJS1918}
}

@article{laverny2024copulasjl, 
    doi = {10.21105/joss.06189}, 
    url = {https://doi.org/10.21105/joss.06189}, 
    year = {2024}, 
    publisher = {The Open Journal}, 
    volume = {9}, 
    number = {94}, 
    pages = {6189}, 
    author = {Oskar Laverny and Santiago Jimenez}, 
    title = {Copulas.jl: A fully Distributions.jl-compliant copula package}, 
    journal = {Journal of Open Source Software},
    keywords = {article}
}

#######################################################
######### Preprints
#######################################################

@article{laverny2022,
  doi = {10.48550/arXiv.2203.13741},
  author = {Oskar Laverny},
  keywords = {preprint},
  title = {Estimation of high dimensional Gamma convolutions through random projections},
  archivePrefix={arXiv},
  primaryClass={math.ST},
  year = {2022+},
  copyright = {Creative Commons Attribution 4.0 International}
}

@article{laverny2024local,
  title={Local moment matching with Erlang mixtures under automatic roughness penalization}, 
  author={Oskar Laverny and Philippe Lambert},
  year={2023+},
  doi = {10.48550/arXiv.2402.15866},
  archivePrefix={arXiv},
  primaryClass={math.ST},
  keywords = {preprint},
}

#######################################################
######### Work in progress
#######################################################
@article{lavernyfurmanferrara2023,
  author = {Oskar Laverny and Ida Ferrara and Edward Furman},
  title = {Attitude towards {COVID-19} vaccine: discrepancies between willingness to vaccinate and actual vaccination highlighted through survey data in {Ontario}},
  year = {2023+},
  keywords={work_in_progress}
}
@article{lavernygraffeogiorgi2024,
  author = {Oskar Laverny and Nathalie Grafféo and Roch Giorgi},
  title = {Relaxing the independence assumption in Net survival analysis: a generalized Poher-Perme estimator},
  year = {2024+},
  keywords={work_in_progress}
}

#######################################################
######### Non peer-reviewed article
#######################################################

@article{laverny2022Scor,
  doi = {10.48550/arXiv.2210.06034},
  author = {Laverny, Oskar and Ferriero, Alessandro and Nisipasu, Ecaterina},
  title = {Parametric divisibility of stochastic losses},
  publisher = {arXiv},
  year = {2022},
  journal = {SCOR Paper, 43},
  keywords = {non_peer_reviewed}
}

#######################################################
######### Softwares
#######################################################

@unpublished{cort,
  title = {{R package \texttt{cort}}: Classes and Tools For Some Empirical and Non-parametric Copula Models},
  doi = {10.5281/zenodo.4301435},
  publisher = {Zenodo},
  year = {2020},
  keywords = {software}
}

@unpublished{ThorinDistributions.jl,
  title = {{Julia package \texttt{ThorinDistributions.jl}}: Tools to estimate {Thorin} measures},
  doi = {10.5281/zenodo.4644109},
  publisher = {Zenodo},
  year = {2021},
  keywords = {software}
}

@unpublished{Copulas.jl,
  title = {{Julia package \texttt{Copulas.jl}}: A fully {Distributions.jl}-complient and native copula package},
  year = {2022},
  doi          = {10.5281/zenodo.7010221},
  publisher    = {Zenodo},
  keywords = {software}
}

#######################################################
######### Invited talks
#######################################################

@unpublished{actgt2021,
  title = {{Internal modeling without copula: Thorin classes' beauty}},
  author = {Oskar Laverny},
  year = {2021},
  note = {\href{https://sites.google.com/site/gtactuariatrc/}{{GT Actuariat et Risque Contemporains} }},
  keywords={invited_talk}
}

@unpublished{astin2021,
  title = {{Estimation of multivariate generalized gamma convolutions}},
  author = {Oskar Laverny},
  year = {2021},
  note = {\href{https://www.actuaries.org/iaa/ASTIN_2021/}{{ASTIN Online Colloquium} }},
  keywords={invited_talk}
}


@unpublished{smai2021,
  title = {{Julia, the unique solution of an optimization problem}},
  author = {Oskar Laverny},
  year = {2021},
  note = {\href{https://smai2021.math.univ-toulouse.fr/accueil/}{{10ème biennale SMAI} }},
  keywords={invited_talk}
}

@unpublished{isba2022,
  title = {{Estimation of high dimensional Thorin measures through random projections}},
  author = {Oskar Laverny},
  year = {2022},
  note = {\href{https://uclouvain.be/en/research-institutes/lidam/isba}{{Statistics Seminar, ISBA} }},
  keywords={invited_talk}
}

@unpublished{isba2023,
  title = {{Version control for academics}},
  author = {Oskar Laverny},
  year = {2023},
  note = {\href{https://uclouvain.be/en/research-institutes/lidam/isba/events/yrd-young-researchers-day-february-17-2023.html}{{Young researcher days, ISBA} }},
  keywords={invited_talk}
}

@unpublished{kul2023,
  title = {{Estimation of high dimensional Thorin measures through random projections}},
  author = {Oskar Laverny},
  year = {2023},
  note = {\href{https://wis.kuleuven.be/stat/seminars}{{Statistics seminar, KU Leuven.}}},
  keywords={invited_talk}
}

@unpublished{cfesmsstats2023,
  title = {{Copulas.jl: Implementation of standard copula routines in Julia}},
  author = {Oskar Laverny},
  year = {2023},
  note = {\href{https://www.cmstatistics.org/CMStatistics2023/fullprogramme.php}{{CFE-CMStatistics 2023}}},
  keywords={invited_talk}
}

#######################################################
######### Contributed talks
#######################################################

@unpublished{astin2020,
  title = {{Cort: The Copula Recursive Tree}},
  author = {Oskar Laverny},
  year = {2020},
  note = {\href{https://www.actuarialcolloquium2020.com/}{{Actuarial Colloquium Paris} }},
  keywords={contributed_talk}
}

@unpublished{mascotnum2021,
  title = {{Estimation of multivariate generalized gamma convolutions}},
  author = {Oskar Laverny},
  year = {2021},
  note = {\href{https://www.gdr-mascotnum.fr/mascot21.html}{{MascotNum} }},
  keywords={contributed_talk}
}

@unpublished{nice,
  title = {{(Covid cancelled) Construction of a copula estimator through recursive partitioning of the unit hypercube}},
  author = {Oskar Laverny},
  year = {2021},
  note = {\href{https://jds2020.sciencesconf.org/}{{52èmes Journées de Statistique} }},
  keywords={contributed_talk}
}

@unpublished{oica2020,
  title = {{Dependence structure estimation using Copula Recursive Trees}},
  author = {Oskar Laverny},
  year = {2020},
  note = {\href{https://oica.univ-lyon1.fr/}{{Online International Conference In Actuarial Science, Data Science and Finance} }},
  keywords={contributed_talk}
}

@unpublished{oleron2021,
  title = {{Estimation of GGC through Laguerre expansions}},
  author = {Oskar Laverny},
  year = {2021},
  note = {\href{https://jps-2021.sciencesconf.org/}{{Colloque jeunes probabilistes et statisticiens} }},
  keywords={contributed_talk}
}

@unpublished{quantact2022,
  title = {{(Virtual) Estimation of multivariate GGC through Laguerre expansions}},
  author = {Oskar Laverny},
  year = {2022},
  note = {\href{http://quantact.uqam.ca/}{{QUANTACT} }},
  keywords={contributed_talk}
}

@unpublished{semdoc2020,
  title = {{(Virtual) Copula estimation via machine learning}},
  author = {Oskar Laverny},
  year = {2020},
  note = {\href{http://math.univ-lyon1.fr/spip.php?article92}{{Séminaire des doctorants, ICJ} }},
  keywords={contributed_talk}
}


@unpublished{ida2022,
  title = {{(Virtual) Estimation of High-dimensional Thorin measures}},
  author = {Oskar Laverny},
  year = {2022},
  note = {\href{https://insurancedatascience.org/}{{Insurence Data Science} }},
  keywords={contributed_talk}
}

@unpublished{jds2022,
  title = {{Estimation of High-dimensional Thorin measures}},
  author = {Oskar Laverny},
  year = {2022},
  note = {\href{https://jds22.sciencesconf.org/}{{53èmes Journées de Statistique} }},
  keywords={contributed_talk}
}

@unpublished{rjs2022,
  title = {{Estimation of High-dimensional Thorin measures}},
  author = {Oskar Laverny},
  year = {2022},
  note = {\href{https://rjs2022.sciencesconf.org/}{{9ème Rencontres Jeunes Statisticiens} }},
  keywords={contributed_talk}
}

@unpublished{semdoc2022,
  title = {{Mesure de Thorin et déconvolution en grandes dimensions}},
  author = {Oskar Laverny},
  year = {2022},
  note = {\href{https://indico.math.cnrs.fr/event/7841/}{{Séminaire des doctorants, ICJ} }},
  keywords={contributed_talk}
}


@unpublished{juliacon2023.1,
  title = {{\texttt{Copulas.jl}: A fully \texttt{Distributions.jl}-complient copula package}},
  author = {Oskar Laverny},
  year = {2023},
  note = {\href{https://juliacon.org/2023/}{{JuliaCon 2023, MIT} }},
  keywords={contributed_talk}
}

@unpublished{juliacon2023.2,
  title = {{\texttt{Julia}: the unique solution to an optimisation problem}},
  author = {Oskar Laverny},
  year = {2023},
  note = {\href{https://juliacon.org/2023/}{{JuliaCon 2023, MIT} }},
  keywords={contributed_talk}
}

@unpublished{compstats2023,
  title = {{Local moment matching with Gamma mixtures under automatic roughness penalization}},
  author = {Oskar Laverny},
  year = {2023},
  note = {\href{http://www.compstat2023.org/}{{25th International Conference on Computational statistics (COMPSTAT2023), London} }},
  keywords={contributed_talk}
}

@unpublished{ime20231,
  title = {{Local moment matching with Gamma mixtures under automatic roughness penalization}},
  author = {Oskar Laverny},
  year = {2023},
  note = {\href{https://www.icms.org.uk/events/2023/IME2023}{{26th International Congress on Insurance: Mathematics and Economics (IME2023), Edinburg} }},
  keywords={contributed_talk}
}
@unpublished{ime20232,
  title = {{Parametric divisibility of stochastic losses}},
  author = {Oskar Laverny},
  year = {2023},
  note = {\href{https://www.icms.org.uk/events/2023/IME2023}{{26th International Congress on Insurance: Mathematics and Economics (IME2023), Edinburg} }},
  keywords={contributed_talk}
}


@unpublished{iwsm2023,
  title = {{Local moment matching with Gamma mixtures under automatic roughness penalization}},
  author = {Oskar Laverny},
  year = {2023},
  note = {\href{https://iwsm2023.statistik.tu-dortmund.de/}{{37th International Workshop on Statistical Modelling (IWSM2023), Dortmund} }},
  keywords={contributed_talk}
}


@unpublished{jds2023,
  title = {{Local moment matching with Gamma mixtures under automatic roughness penalization}},
  author = {Oskar Laverny},
  year = {2023},
  note = {\href{https://jds2023.sciencesconf.org/}{{54èmes Journées de Statistique, Bruxelles} }},
  keywords={contributed_talk}
}


@unpublished{juliaoptparis2023,
  title = {{Shine of multiple dispatch: the `Copulas.jl` case.}},
  author = {Oskar Laverny},
  year = {2023},
  note = {\href{https://julia-users-paris.github.io/workshop/fr/}{{Journées Julia et Optimisation 2023, Paris}}},
  keywords={contributed_talk}
}
