# Name=Work in progress
# The upper line is actually meta-data that is outputted to the pdf. 
# please do note change the start of the line "# Name : " but only the name after that. 

@article{laverny2022,
  title = {Estimation of high dimensional {Thorin} measures through random projections},
  author = {Laverny, Oskar},
  year = {2022},
  primaryclass = {math.ST}
}