# Name=Contributed talks
# The upper line is actually meta-data that is outputted to the pdf. 
# please do note change the start of the line "# Name : " but only the name after that. 

@unpublished{astin2020,
  note = {\textit{{Cort: The Copula Recursive Tree}}},
  author = {},
  year = {2020},
  title = {\textbf{Actuarial Colloquium Paris}},
  url = {https://www.actuarialcolloquium2020.com/}
}

@unpublished{mascotnum2021,
  note = {\textit{Estimation of multivariate generalized gamma convolutions}},
  author = {},
  year = {2021},
  title = {\textbf{MascotNum}},
  url = {https://www.gdr-mascotnum.fr/mascot21.html}
}

@unpublished{nice2021,
  note = {\textit{{(Covid cancelled) Construction of a copula estimator through recursive partitioning of the unit hypercube}}},
  author = {},
  year = {2021},
  title = {\textbf{52èmes Journées de Statistique}},
  url = {https://jds2020.sciencesconf.org/}
}

@unpublished{oica2020,
  note = {\textit{Dependence structure estimation using Copula Recursive Trees}},
  author = {},
  year = {2020},
  title = {\textbf{Online International Conference In Actuarial Science, Data Science and Finance}},
  url = {https://oica.univ-lyon1.fr/}
}

@unpublished{oleron2021,
  note = {\textit{Estimation of GGC through Laguerre expansions}},
  author = {},
  year = {2021},
  title = {\textbf{Colloque jeunes probabilistes et statisticiens}}},
  url = {https://jps-2021.sciencesconf.org/}
}

@unpublished{quantact2022,
  note = {\textit{{(Virtual) Estimation of multivariate GGC through Laguerre expansions}}},
  author = {},
  year = {2022},
  title = {\textbf{QUANTACT}},
  url = {http://quantact.uqam.ca/}
}

@unpublished{semdoc2020,
  note = {\textit{ {(Virtual) Copula estimation via machine learning}}},
  author = {},
  year = {2020},
  title = {\textbf{Séminaire des doctorants, ICJ}},
  url = {http://math.univ-lyon1.fr/spip.php?article92}
}


@unpublished{ida2022,
  note = {\textit{ {(Virtual) Estimation of High-dimensional Thorin measures}}},
  author = {},
  year = {2022},
  title = {\textbf{Insurence Data Science}},
  url = {https://insurancedatascience.org/}
}

@unpublished{jds2022,
  note = {\textit{ {Estimation of High-dimensional Thorin measures}}},
  author = {},
  year = {2022},
  title = {\textbf{53èmes Journées de Statistique}},
  url = {https://jds22.sciencesconf.org/}
}

@unpublished{rjs2022,
  note = {\textit{ {Estimation of High-dimensional Thorin measures}}},
  author = {},
  year = {2022},
  title = {\textbf{9ème Rencontres Jeunes Statisticiens}},
  url = {https://rjs2022.sciencesconf.org/}
}

@unpublished{semdoc2022,
  note = {\textit{ {Mesure de Thorin et déconvolution en grandes dimensions}}},
  author = {},
  year = {2022},
  title = {\textbf{Séminaire des doctorants, ICJ}},
  url = {https://indico.math.cnrs.fr/event/7841/}
}









@unpublished{juliacon2023.1,
  note = {\textit{\texttt{Copulas.jl}: A fully \texttt{Distributions.jl}-complient copula package}},
  author = {},
  year = {2023},
  title = {\textbf{JuliaCon 2023}},
  url = {https://juliacon.org/2023/}
}

@unpublished{juliacon2023.2,
  note = {\textit{Julia: the unique solution to an optimisation problem}},
  author = {},
  year = {2023},
  title = {\textbf{JuliaCon 2023}},
  url = {https://juliacon.org/2023/}
}

@unpublished{compstats2023,
  note = {\textit{Local moment matching with Gamma mixtures under automatic roughness penalization}},
  author = {},
  year = {2023},
  title = {\textbf{25th International Conference on Computational statistics (COMPSTAT2023), London}},
  url = {http://www.compstat2023.org/}
}

@unpublished{ime20231,
  note = {\textit{Local moment matching with Gamma mixtures under automatic roughness penalization}},
  author = {},
  year = {2023},
  title = {\textbf{26th International Congress on Insurance: Mathematics and Economics (IME2023), Edinburg}},
  url = {https://www.icms.org.uk/events/2023/IME2023}
}
@unpublished{ime20232,
  note = {\textit{Parametric divisibility of stochastic losses}},
  author = {},
  year = {2023},
  title = {\textbf{26th International Congress on Insurance: Mathematics and Economics (IME2023), Edinburg}},
  url = {https://www.icms.org.uk/events/2023/IME2023}
}


@unpublished{iwsm2023,
  note = {\textit{Local moment matching with Gamma mixtures under automatic roughness penalization}},
  author = {},
  year = {2023},
  title = {\textbf{37th International Workshop on Statistical Modelling (IWSM2023), Dortmund}},
  url = {https://iwsm2023.statistik.tu-dortmund.de/}
}


@unpublished{jds2023,
  note = {\textit{Local moment matching with Gamma mixtures under automatic roughness penalization}},
  author = {},
  year = {2023},
  title = {\textbf{54èmes Journées de Statistique, Bruxelles}},
  url = {https://jds2023.sciencesconf.org/}
}


@unpublished{juliaoptparis2023,
  note = {\textit{Shine of multiple dispatch: the `Copulas.jl` case.}},
  author = {},
  year = {2023},
  title = {\textbf{Journées Julia et Optimisation 2023, Paris}},
  url = {https://julia-users-paris.github.io/workshop/fr/}
}
