# Name=Invited talks
# The upper line is actually meta-data that is outputted to the pdf. 
# please do note change the start of the line "# Name : " but only the name after that. 

@unpublished{actgt2021,
  note = {\textit{Internal modeling without copula: Thorin classes' beauty.}},
  author = {},
  year = {2021},
  title = {\textbf{GT Actuariat et Risque Contemporains}},
  url = {https://sites.google.com/site/gtactuariatrc/}
}

@unpublished{astin2021,
  note = {\textit{Estimation of multivariate generalized gamma convolutions}},
  author = {},
  year = {2021},
  title = {\textbf{ASTIN Online Colloquium}},
  url = {https://www.actuaries.org/iaa/ASTIN_2021/}
}


@unpublished{smai2021,
  note = {\textit{Julia, the unique solution of an optimization problem}},
  author = {},
  year = {2021},
  title = {\textbf{10Ã¨me biennale SMAI}},
  url = {https://smai2021.math.univ-toulouse.fr/accueil/}
}

@unpublished{isba2022,
  note = {\textit{Estimation of high dimensional Thorin measures through random projections}},
  author = {},
  year = {2022},
  title = {\textbf{Statistics Seminar, ISBA}},
  url = {https://uclouvain.be/en/research-institutes/lidam/isba}
}

@unpublished{isba2023,
  note = {\textit{Version control for academics}},
  author = {},
  year = {2023},
  title = {\textbf{Young researcher days, ISBA}},
  url = {https://uclouvain.be/en/research-institutes/lidam/isba/events/yrd-young-researchers-day-february-17-2023.html}
}
