# Name=Thesis Manuscipt
# The upper line is actually meta-data that is outputted to the pdf. 
# please do note change the start of the line "# Name : " but only the name after that. 

@phdthesis{these_laverny,
  title    = {Dependence structures and risk aggregations},
  school   = {Universit√© de Lyon},
  author   = {Oskar Laverny},
  year     = {2022},
  url = {https://theses.hal.science/tel-04099745}
}