# Name=Non peer-reviewed articles
# The upper line is actually meta-data that is outputted to the pdf. 
# please do note change the start of the line "# Name : " but only the name after that. 

@article{https://doi.org/10.48550/arxiv.2210.06034,
  doi = {10.48550/ARXIV.2210.06034},
  url = {https://arxiv.org/abs/2210.06034},
  author = {Laverny, Oskar and Ferriero, Alessandro and Nisipasu, Ecaterina},
  title = {Parametric divisibility of stochastic losses},
  publisher = {arXiv},
  year = {2022},
  journal = {SCOR Paper, 43}
}
