# Name=Softwares
# The upper line is actually meta-data that is outputted to the pdf. 
# please do note change the start of the line "# Name : " but only the name after that. 

@article{cort,
  title = {\textbf{R package {lrnv/cort}}: Classes and Tools For Some Empirical and Non-parametrical Copula Models.},
  doi = {10.5281/zenodo.4301435},
  publisher = {Zenodo},
  author = {Oskar Laverny},
  year = {2020},
  month = {Dec}
}

@article{ThorinDistributions.jl,
  title = {\textbf{Julia package {lrnv/ThorinDistributions.jl}}: Tools to work with and around multivariate gamma convolutions.},
  doi = {10.5281/zenodo.4644109},
  publisher = {Zenodo},
  author = {Oskar Laverny},
  year = {2021},
  month = {Mar}
}