# Name=Preprints
# The upper line is actually meta-data that is outputted to the pdf. 
# please do note change the start of the line "# Name : " but only the name after that. 
@article{laverny2022,
  doi = {10.48550/ARXIV.2203.13741},
  url = {https://arxiv.org/abs/2203.13741},
  author = {Laverny, Oskar},
  keywords = {Statistics Theory (math.ST), FOS: Mathematics, FOS: Mathematics, 62H12, 62H25 (Primary) 60E07, 60E10 (Secondary)},
  title = {Estimation of high dimensional Gamma convolutions through random projections},
  publisher = {arXiv},
  year = {2022},
  copyright = {Creative Commons Attribution 4.0 International}
}