# Name=Softwares
# The upper line is actually meta-data that is outputted to the pdf. 
# please do note change the start of the line "# Name : " but only the name after that. 

@article{cort,
  title = {\textbf{R package {cort}}: Classes and Tools For Some Empirical and Non-parametric Copula Models.},
  doi = {10.5281/zenodo.4301435},
  publisher = {Zenodo},
  author = {Oskar Laverny},
  year = {2020}
}

@article{ThorinDistributions.jl,
  title = {\textbf{Julia package {ThorinDistributions.jl}}: Tools to estimate {Thorin} measures.},
  doi = {10.5281/zenodo.4644109},
  publisher = {Zenodo},
  author = {Oskar Laverny},
  year = {2021}
}

@article{Copulas.jl,
  title = {\textbf{Julia package {Copulas.jl}}: A fully {Distributions.jl}-complient and native copula package.},
  author = {Oskar Laverny},
  year = {2022},
  doi          = {10.5281/zenodo.7010221},
  publisher    = {Zenodo},
}